<record><leader>00000cas a2200000 a 4500</leader><controlfield tag="001">12636929</controlfield><controlfield tag="008">851004d18861888ksuwr ne      0    0eng d</controlfield><datafield ind1=" " ind2=" " tag="010"><subfield code="a">sn 85032532 </subfield></datafield><datafield ind1=" " ind2=" " tag="040"><subfield code="a">KSH</subfield><subfield code="b">eng</subfield><subfield code="c">KSH</subfield><subfield code="d">NPT</subfield><subfield code="d">OCL</subfield><subfield code="d">OCLCQ</subfield></datafield><datafield ind1=" " ind2=" " tag="042"><subfield code="a">msc</subfield></datafield><datafield ind1="0" ind2="4" tag="245"><subfield code="a">The Wichita citizen.</subfield></datafield><datafield ind1="1" ind2="3" tag="246"><subfield code="a">Wichita labor-union</subfield><subfield code="f">Sept. 16, 1886-Mar. 12, 1887</subfield></datafield><datafield ind1="1" ind2="3" tag="246"><subfield code="a">Union labor press</subfield><subfield code="f">Mar. 19, 1887-Nov. 10, 1888</subfield></datafield><datafield ind1=" " ind2=" " tag="260"><subfield code="a">Wichita, Kan. :</subfield><subfield code="b">Greene &amp; Baker,</subfield><subfield code="c">1886-</subfield></datafield><datafield ind1=" " ind2=" " tag="300"><subfield code="a">v. ;</subfield><subfield code="c">59 cm.</subfield></datafield><datafield ind1=" " ind2=" " tag="310"><subfield code="a">Weekly</subfield></datafield><datafield ind1="0" ind2=" " tag="362"><subfield code="a">Vol. 1, no. 1 (June 24, 1886)-</subfield></datafield><datafield ind1="1" ind2=" " tag="362"><subfield code="a">Ceased with Nov. 10, 1888 issue?</subfield></datafield><datafield ind1=" " ind2=" " tag="500"><subfield code="a">Published by: Labor-union Pub. Co., Sept. 16, 1886-Sept. 15, 1888; H.W. Sawyer, Sept. 22-Nov. 10, 1888.</subfield></datafield><datafield ind1="8" ind2=" " tag="521"><subfield code="a">"Labor."</subfield></datafield><datafield ind1=" " ind2=" " tag="752"><subfield code="a">United States</subfield><subfield code="b">Kansas</subfield><subfield code="c">Sedgwick</subfield><subfield code="d">Wichita.</subfield></datafield><datafield ind1="1" ind2=" " tag="029"><subfield code="a">AU@</subfield><subfield code="b">000022166037</subfield></datafield></record>